%% This BibTeX bibliography file was created using BibDesk.
%% https://bibdesk.sourceforge.io/

%% Created for 龙法 at 2018-12-18 17:32:29 -0600 


%% Saved with string encoding Unicode (UTF-8) 



@article{Blomgren:1998:CTT:2318958.2319497,
	Acmid = {2319497},
	Address = {Piscataway, NJ, USA},
	Author = {Blomgren, P. and Chan, T. F.},
	Date-Added = {2018-12-18 17:04:29 -0600},
	Date-Modified = {2018-12-18 17:04:29 -0600},
	Doi = {10.1109/83.661180},
	Issn = {1057-7149},
	Issue_Date = {March 1998},
	Journal = {Trans. Img. Proc.},
	Month = mar,
	Number = {3},
	Numpages = {6},
	Pages = {304--309},
	Publisher = {IEEE Press},
	Title = {Color TV: Total Variation Methods for Restoration of Vector-valued Images},
	Url = {https://doi.org/10.1109/83.661180},
	Volume = {7},
	Year = {1998},
	Bdsk-Url-1 = {https://doi.org/10.1109/83.661180}}

@inproceedings{7532675,
	Author = {B. Wohlberg},
	Booktitle = {2016 IEEE International Conference on Image Processing (ICIP)},
	Date-Added = {2018-12-16 17:22:39 -0600},
	Date-Modified = {2018-12-16 17:22:39 -0600},
	Doi = {10.1109/ICIP.2016.7532675},
	Issn = {2381-8549},
	Keywords = {convolution;encoding;filtering theory;frequency-domain analysis;signal representation;boundary handling;convolutional sparse representations;signal decomposition;dictionary filters;single-valued representation;convolutional sparse coding;dictionary learning problems;frequency domain;periodic boundary conditions;Dictionaries;Convolution;Encoding;Convolutional codes;Discrete Fourier transforms;Standards;Boundary conditions;Convolutional Sparse Coding;Convolutional Dictionary Learning;Boundary Effects},
	Month = {Sept},
	Pages = {1833-1837},
	Title = {Boundary handling for convolutional sparse representations},
	Year = {2016},
	Bdsk-Url-1 = {https://doi.org/10.1109/ICIP.2016.7532675}}

@inproceedings{1640847,
	Author = {M. Elad and M. Aharon},
	Booktitle = {2006 IEEE Computer Society Conference on Computer Vision and Pattern Recognition (CVPR'06)},
	Date-Added = {2018-08-16 23:00:51 -0500},
	Date-Modified = {2018-08-16 23:00:51 -0500},
	Doi = {10.1109/CVPR.2006.142},
	Issn = {1063-6919},
	Keywords = {Image denoising;Dictionaries;Noise reduction;Additive noise;Bayesian methods;Computer science;Noise measurement;Gaussian noise;Measurement standards;Algorithm design and analysis},
	Month = {June},
	Pages = {895-900},
	Title = {Image Denoising Via Learned Dictionaries and Sparse representation},
	Volume = {1},
	Year = {2006},
	Bdsk-Url-1 = {https://doi.org/10.1109/CVPR.2006.142}}

@article{sporco,
	Author = {Wohlberg, Brendt},
	Date-Added = {2018-08-16 22:50:31 -0500},
	Date-Modified = {2018-08-16 22:51:47 -0500},
	Month = {01},
	Pages = {1-8},
	Title = {SPORCO: A Python package for standard and convolutional sparse representations},
	Year = {2017}}

@article{DBLP:journals/corr/Wohlberg17a,
	Archiveprefix = {arXiv},
	Author = {Brendt Wohlberg},
	Bibsource = {dblp computer science bibliography, https://dblp.org},
	Biburl = {https://dblp.org/rec/bib/journals/corr/Wohlberg17a},
	Date-Added = {2018-08-16 12:13:30 -0500},
	Date-Modified = {2018-08-16 12:13:30 -0500},
	Eprint = {1705.04407},
	Journal = {CoRR},
	Timestamp = {Mon, 13 Aug 2018 16:48:47 +0200},
	Title = {Convolutional Sparse Representations with Gradient Penalties},
	Url = {http://arxiv.org/abs/1705.04407},
	Volume = {abs/1705.04407},
	Year = {2017},
	Bdsk-Url-1 = {http://arxiv.org/abs/1705.04407}}

@article{4011956,
	Author = {M. Elad and M. Aharon},
	Date-Added = {2018-07-11 22:03:09 +0000},
	Date-Modified = {2018-07-11 22:03:09 +0000},
	Doi = {10.1109/TIP.2006.881969},
	Issn = {1057-7149},
	Journal = {IEEE Transactions on Image Processing},
	Keywords = {AWGN;Bayes methods;image denoising;singular value decomposition;visual databases;Bayesian treatment;K-SVD algorithm;dictionary learning;homogeneous Gaussian additive noise;image database;image denoising;sparse-redundant representations;zero-mean white noise;Additive noise;Bayesian methods;Dictionaries;Discrete cosine transforms;Image denoising;Image processing;Inverse problems;Matching pursuit algorithms;Noise measurement;Noise reduction;Bayesian reconstruction;K-SVD;dictionary learning;discrete cosine transform (DCT);image denoising;matching pursuit;maximum a posteriori (MAP) estimation;redundancy;sparse representations},
	Month = {Dec},
	Number = {12},
	Pages = {3736-3745},
	Title = {Image Denoising Via Sparse and Redundant Representations Over Learned Dictionaries},
	Volume = {15},
	Year = {2006},
	Bdsk-Url-1 = {https://doi.org/10.1109/TIP.2006.881969}}

@url{spams,
	Author = {Julien Mairal},
	Date-Added = {2018-07-11 21:52:05 +0000},
	Date-Modified = {2018-07-11 21:59:01 +0000},
	Read = {0},
	Title = {http://spams-devel.gforge.inria.fr/doc/html/index.html},
	Bdsk-Url-1 = {http://spams-devel.gforge.inria.fr/doc/html/index.html}}

@article{DBLP:journals/corr/MairalBP14,
	Archiveprefix = {arXiv},
	Author = {Julien Mairal and Francis R. Bach and Jean Ponce},
	Bibsource = {dblp computer science bibliography, https://dblp.org},
	Biburl = {https://dblp.org/rec/bib/journals/corr/MairalBP14},
	Date-Added = {2018-07-11 19:54:39 +0000},
	Date-Modified = {2018-07-11 19:54:39 +0000},
	Eprint = {1411.3230},
	Journal = {CoRR},
	Timestamp = {Wed, 07 Jun 2017 14:42:59 +0200},
	Title = {Sparse Modeling for Image and Vision Processing},
	Url = {http://arxiv.org/abs/1411.3230},
	Volume = {abs/1411.3230},
	Year = {2014},
	Bdsk-Url-1 = {http://arxiv.org/abs/1411.3230}}

@article{7308045,
	Author = {B. Wohlberg},
	Doi = {10.1109/TIP.2015.2495260},
	Issn = {1057-7149},
	Journal = {IEEE Transactions on Image Processing},
	Keywords = {computer vision;convolution;filtering theory;image representation;learning (artificial 		intelligence);optimisation;sparse coding;dictionary learning;optimization problems;computer 		vision;image processing;signal processing;dictionary filters;overlapping image 					patches;convolutional sparse representations;Convolutional codes;Convolution;Linear 			systems;Image coding;Discrete Fourier transforms;Sparse Representation;Sparse 				Coding;Dictionary Learning;Convolutional Sparse Representation;ADMM;Sparse 				representation;sparse coding;dictionary learning;convolutional sparse representation;ADMM},
	Month = {Jan},
	Number = {1},
	Pages = {301-315},
	Title = {Efficient Algorithms for Convolutional Sparse Representations},
	Volume = {25},
	Year = {2016},
	Bdsk-Url-1 = {https://doi.org/10.1109/TIP.2015.2495260}}

@article{EGIDI2006703,
	Abstract = {We propose a new direct method to solve linear systems. This method is based on the Sherman--Morrison formula and uses a finite iterative formula. To compare our method with the Restarted Generalized Minimum Residual Method and the Gaussian Elimination Method with Partial Pivoting, we use two classes of test problems: linear systems having Pascal, Cauchy, and Vandermonde matrices as coefficient matrices, and randomly generated linear systems.},
	Author = {N. Egidi and P. Maponi},
	Doi = {https://doi.org/10.1016/j.cam.2005.02.013},
	Issn = {0377-0427},
	Journal = {Journal of Computational and Applied Mathematics},
	Keywords = {Linear system, Sherman--Morrison formula, Direct method},
	Note = {Proceedings of The 11th International Congress on Computational and Applied 	Mathematics},
	Number = {1},
	Pages = {703 - 718},
	Title = {A Sherman--Morrison approach to the solution of linear systems},
	Url = {http://www.sciencedirect.com/science/article/pii/S0377042705001032},
	Volume = {189},
	Year = {2006},
	Bdsk-Url-1 = {http://www.sciencedirect.com/science/article/pii/S0377042705001032},
	Bdsk-Url-2 = {https://doi.org/10.1016/j.cam.2005.02.013}}
